<collection xmlns="http://www.loc.gov/MARC21/slim">
<record>
  <leader>00418na 0a22000851i 450 </leader>
  <controlfield tag="001">IT\ICCU\CNCE\059033</controlfield>
  <controlfield tag="005">20061121000000.0</controlfield>
  <datafield tag="100" ind1=" " ind2=" ">
    <subfield code="a">20040903             0itac0103    ba</subfield>
  </datafield>
  <datafield tag="200" ind1="1" ind2=" ">
    <subfield code="a">℗Origenis ℗in Genesim homilie 16. Eiusdem in exodum homilie 13. Eiusdem in Leuiticum homilie 16. Eiusdem in numeros homilie 28. Eiusdem in Jesum naue homilie 26. Eiusdem in librum Judicum homilie 8. diuo Hieronymo interprete</subfield>
  </datafield>
  <datafield tag="801" ind1=" " ind2="3">
    <subfield code="a">IT</subfield>
    <subfield code="b">ICCU</subfield>
    <subfield code="c">20201115</subfield>
  </datafield>
</record>
</collection>
